@inproceedings{RC,
 author = {Gharachorloo, Kourosh and Lenoski, Daniel and Laudon, James and Gibbons, Phillip and Gupta, Anoop and Hennessy, John},
 title = {Memory Consistency and Event Ordering in Scalable Shared-memory Multiprocessors},
 booktitle = {25 Years of the International Symposia on Computer Architecture (Selected Papers)},
 series = {ISCA '98},
 year = {1998},
 isbn = {1-58113-058-9},
 location = {Barcelona, Spain},
 pages = {376--387},
 numpages = {12},
 url = {http://doi.acm.org/10.1145/285930.285997},
 doi = {10.1145/285930.285997},
 acmid = {285997},
 publisher = {ACM},
 address = {New York, NY, USA},
} 

@INPROCEEDINGS{DeNovo, 
author={B. Choi and R. Komuravelli and H. Sung and R. Smolinski and N. Honarmand and S. V. Adve and V. S. Adve and N. P. Carter and C. T. Chou}, 
booktitle={2011 International Conference on Parallel Architectures and Compilation Techniques}, 
title={DeNovo: Rethinking the Memory Hierarchy for Disciplined Parallelism}, 
year={2011}, 
pages={155-166}, 
keywords={cache storage;message passing;parallel memories;parallel programming;protocols;shared memory systems;ubiquitous computing;DeNovo coherence protocol;MESI protocol;arbitrary data race;cache architecture;cache hit rate;design complexity;direct cache-to-cache transfer;disciplined parallelism;flexible communication granularity;hardware architecture;hardware designer;many-core scalability;mass programmer;memory hierarchy;message passing;network traffic;parallel programming model;shared-memory language;shared-memory programming model;software evolution;software-oblivious hardware evolution;Arrays;Coherence;Hardware;Programming;Protocols;Software;Transient analysis}, 
doi={10.1109/PACT.2011.21}, 
ISSN={1089-795X}, 
month={Oct},}

@inproceedings{Grace,
 author = {Berger, Emery D. and Yang, Ting and Liu, Tongping and Novark, Gene},
 title = {Grace: Safe Multithreaded Programming for C/C++},
 booktitle = {Proceedings of the 24th ACM SIGPLAN Conference on Object Oriented Programming Systems Languages and Applications},
 series = {OOPSLA '09},
 year = {2009},
 isbn = {978-1-60558-766-0},
 location = {Orlando, Florida, USA},
 pages = {81--96},
 numpages = {16},
 url = {http://doi.acm.org/10.1145/1640089.1640096},
 doi = {10.1145/1640089.1640096},
 acmid = {1640096},
 publisher = {ACM},
 address = {New York, NY, USA},
 keywords = {concurrency, determinism, deterministic concurrency, fork-join, sequential semantics},
} 



